@ONLINE{SpeedIndex:2013:Online,
    title = {SpeedIndex https://sites.google.com/a/webpagetest.org/docs/using-webpagetest/metrics/speed-index},
    month = sep,
    year = {2013},
    url = {https://sites.google.com/a/webpagetest.org/docs/using-webpagetest/metrics/speed-index}
}

@ONLINE{WebPageTest:2013:Online,
    title = {WebPageTest http://www.webpagetest.org/},
    month = nov,
    year = {2013},
    url = {http://www.webpagetest.org/}
}

@ONLINE{WebPageReplay:2013:Online,
    title = {WebPageReplay https://code.google.com/p/web-page-replay/},
    month = nov,
    year = {2013},
    url = {https://code.google.com/p/web-page-replay/}
}

@ONLINE{ChromeLearning:2013:Online,
    title = {High Performance Networking in Google Chrome http://www.igvita.com/posa/high-performance-networking-in-google-chrome/},
    month = nov,
    year = {2013},
    url = {http://www.igvita.com/posa/high-performance-networking-in-google-chrome/}
}

@ONLINE{BugzillaSeer:2013:Online,
    title = {Bugzilla: Add inteface for predictive actions https://bugzil.la/881804},
    month = nov,
    year = {2013},
    url = {https://bugzil.la/881804}
}
